<record><leader>00000cas a22000007a 4500</leader><controlfield tag="001">10226005</controlfield><controlfield tag="008">831216d18901890ksuwr ne      0   a0eng d</controlfield><datafield ind1=" " ind2=" " tag="010"><subfield code="a">sn 83041002 </subfield></datafield><datafield ind1=" " ind2=" " tag="040"><subfield code="a">KSH</subfield><subfield code="b">eng</subfield><subfield code="c">KSH</subfield><subfield code="d">NPT</subfield><subfield code="d">OCLCQ</subfield></datafield><datafield ind1=" " ind2=" " tag="042"><subfield code="a">msc</subfield></datafield><datafield ind1=" " ind2=" " tag="043"><subfield code="a">n-us-ks</subfield></datafield><datafield ind1="0" ind2=" " tag="130"><subfield code="a">New era (Jamestown, Kan.)</subfield></datafield><datafield ind1="1" ind2="4" tag="245"><subfield code="a">The new era.</subfield></datafield><datafield ind1=" " ind2=" " tag="260"><subfield code="a">Jamestown, Kan. :</subfield><subfield code="b">Jno. W. McCoy</subfield></datafield><datafield ind1=" " ind2=" " tag="300"><subfield code="a">v. :</subfield><subfield code="b">ill. ;</subfield><subfield code="c">51 cm.</subfield></datafield><datafield ind1=" " ind2=" " tag="310"><subfield code="a">Weekly</subfield></datafield><datafield ind1="1" ind2=" " tag="362"><subfield code="a">Began in 1890; ceased in Dec. 1890.</subfield></datafield><datafield ind1=" " ind2=" " tag="588"><subfield code="a">Description based on: Vol. 10, no. 5 (Dec. 6, 1890).</subfield></datafield><datafield ind1=" " ind2=" " tag="752"><subfield code="a">United States</subfield><subfield code="b">Kansas</subfield><subfield code="c">Cloud</subfield><subfield code="d">Jamestown.</subfield></datafield><datafield ind1="0" ind2="4" tag="780"><subfield code="t">Quill (Jamestown, Kan.)</subfield><subfield code="w">(DLC)sn 83040963</subfield></datafield><datafield ind1="0" ind2="4" tag="780"><subfield code="t">Kansan (Jamestown, Kan. : 1886)</subfield><subfield code="w">(DLC)sn 83040998</subfield></datafield><datafield ind1="0" ind2="0" tag="785"><subfield code="t">Jamestown new era</subfield><subfield code="w">(DLC)sn 83041001</subfield></datafield><datafield ind1="1" ind2=" " tag="029"><subfield code="a">AU@</subfield><subfield code="b">000025807120</subfield></datafield></record>